@misc{lebowski1998,
	author = {Coen, Joel and Coen, Ethan},
	title = {The Big Lebowski},
	year = {1998},
	howpublished = {Film},
	note = {A movie about a man and his rug.},
}